<?xml version="1.0" encoding="UTF-8"?><collection xmlns="http://www.loc.gov/MARC21/slim"><record><leader>00537nam--2200193-u-4500</leader><controlfield tag="001">000051811</controlfield><controlfield tag="002">20161230</controlfield><controlfield tag="005">20161230201049</controlfield><controlfield tag="008">081028s1000------------r-----000-0-eng-d</controlfield><datafield ind1=" " ind2=" " tag="040"><subfield code="a">IFIN-HH</subfield></datafield><datafield ind1=" " ind2=" " tag="080"><subfield code="a">517.951</subfield></datafield><datafield ind1="1" ind2=" " tag="100"><subfield code="a">Teodorescu, Nicolae</subfield></datafield><datafield ind1="1" ind2="0" tag="245"><subfield code="a">Ecuatii diferentiale si cu derivate partiale</subfield><subfield code="c">Nicolae teodorescu, valter olariu</subfield></datafield><datafield ind1=" " ind2=" " tag="260"><subfield code="a">Bucuresti</subfield><subfield code="b">Ed.Tehnica</subfield><subfield code="c">1978</subfield></datafield><datafield ind1=" " ind2=" " tag="300"><subfield code="a">375 p</subfield></datafield><datafield ind1="1" ind2=" " tag="700"><subfield code="a">Olariu, Valter</subfield></datafield><datafield ind1=" " ind2=" " tag="787"><subfield code="a">vol.1</subfield><subfield code="t">Ecuatii diferentiale</subfield></datafield><datafield ind1=" " ind2=" " tag="852"><subfield code="a">45456</subfield><subfield code="c">517.9</subfield></datafield><datafield ind1=" " ind2=" " tag="CAT"><subfield code="a">Sys</subfield><subfield code="c">20101004</subfield><subfield code="h">120241</subfield></datafield></record></collection>